<?xml version="1.0" encoding="UTF-8"?><record xmlns="http://www.loc.gov/MARC21/slim" xmlns:cinclude="http://apache.org/cocoon/include/1.0" xmlns:zs="http://www.loc.gov/zing/srw/">
  <leader>00517nz  a2200145n  4500</leader>
  <controlfield tag="001">no 98070112 </controlfield>
  <controlfield tag="003">DLC</controlfield>
  <controlfield tag="005">19980307053724.6</controlfield>
  <controlfield tag="008">980306n| acannaab|          |n aaa     c</controlfield>
  <datafield tag="010" ind1=" " ind2=" ">
    <subfield code="a">no 98070112 </subfield>
  </datafield>
  <datafield tag="035" ind1=" " ind2=" ">
    <subfield code="a">(OCoLC)oca04675519 </subfield>
  </datafield>
  <datafield tag="040" ind1=" " ind2=" ">
    <subfield code="a">WaU</subfield>
    <subfield code="c">WaU</subfield>
  </datafield>
  <datafield tag="100" ind1="1" ind2="0">
    <subfield code="a">Adams, Burton Warren</subfield>
  </datafield>
  <datafield tag="670" ind1=" " ind2=" ">
    <subfield code="a">The nearshore physical oceanographic environment ... 1971:</subfield>
    <subfield code="b">t.p. (Burton W. Adams; Dept. of Civil Engineering, Oregon State Univ.)</subfield>
  </datafield>
  <datafield tag="670" ind1=" " ind2=" ">
    <subfield code="a">OCLC, March 6, 1998</subfield>
    <subfield code="b">(hdg.: Adams, Burton Warren; usage: Burton Warren Adams)</subfield>
  </datafield>
</record>